<record><leader>00000cas a22000007a 4500</leader><controlfield tag="001">1608357</controlfield><controlfield tag="008">750907c18889999nduwr ne      0    0eng d</controlfield><datafield ind1=" " ind2=" " tag="010"><subfield code="a">sn 88076362 </subfield></datafield><datafield ind1=" " ind2=" " tag="040"><subfield code="a">MUL</subfield><subfield code="b">eng</subfield><subfield code="c">MUL</subfield><subfield code="d">NOP</subfield><subfield code="d">OCLCQ</subfield></datafield><datafield ind1=" " ind2=" " tag="042"><subfield code="a">msc</subfield></datafield><datafield ind1="0" ind2="4" tag="245"><subfield code="a">The Pierce County tribune.</subfield></datafield><datafield ind1="1" ind2="3" tag="246"><subfield code="a">Pierce County tribune and Rugby optimist</subfield></datafield><datafield ind1=" " ind2=" " tag="260"><subfield code="a">Rugby, N.D. :</subfield><subfield code="b">Herbert C. Hurd</subfield></datafield><datafield ind1=" " ind2=" " tag="300"><subfield code="a">v. :</subfield><subfield code="b">ill. ;</subfield><subfield code="c">56 cm.</subfield></datafield><datafield ind1=" " ind2=" " tag="310"><subfield code="a">Weekly</subfield></datafield><datafield ind1="1" ind2=" " tag="362"><subfield code="a">Began in 1888.</subfield></datafield><datafield ind1=" " ind2=" " tag="500"><subfield code="a">Published as: Pierce County tribune and Rugby optimist, Feb. 17-May 11, 1916.</subfield></datafield><datafield ind1=" " ind2=" " tag="530"><subfield code="a">Available on microfilm from the State Historical Society of North Dakota.</subfield></datafield><datafield ind1=" " ind2=" " tag="588"><subfield code="a">Description based on: Vol. 3, no. 41 (Apr. 4, 1891).</subfield></datafield><datafield ind1=" " ind2=" " tag="752"><subfield code="a">United States</subfield><subfield code="b">North Dakota</subfield><subfield code="c">Pierce</subfield><subfield code="d">Rugby.</subfield></datafield><datafield ind1="0" ind2=" " tag="775"><subfield code="t">Staats=Anzeiger</subfield><subfield code="w">(DLC)sn 89074935</subfield></datafield><datafield ind1="0" ind2="5" tag="780"><subfield code="t">Rugby optimist</subfield><subfield code="w">(DLC)sn 88076357</subfield></datafield><datafield ind1="0" ind2="5" tag="780"><subfield code="t">Pierce County globe</subfield><subfield code="w">(DLC)sn 88076358</subfield></datafield><datafield ind1="0" ind2="5" tag="780"><subfield code="t">Pierce County press (Rugby, N.D. : 1933)</subfield><subfield code="w">(DLC)sn 88076351</subfield></datafield><datafield ind1="1" ind2=" " tag="029"><subfield code="a">AU@</subfield><subfield code="b">000025837672</subfield></datafield></record>